<record><leader>00000cas a22000007a 4500</leader><controlfield tag="001">10106926</controlfield><controlfield tag="008">831108d19141930ksudr ne      0   a0eng d</controlfield><datafield ind1=" " ind2=" " tag="010"><subfield code="a">sn 83040909 </subfield></datafield><datafield ind1=" " ind2=" " tag="040"><subfield code="a">KSH</subfield><subfield code="b">eng</subfield><subfield code="c">KSH</subfield><subfield code="d">NPT</subfield><subfield code="d">OCLCQ</subfield></datafield><datafield ind1=" " ind2=" " tag="042"><subfield code="a">msc</subfield></datafield><datafield ind1=" " ind2=" " tag="043"><subfield code="a">n-us-ks</subfield></datafield><datafield ind1="0" ind2="4" tag="245"><subfield code="a">The Dispatch-republican.</subfield></datafield><datafield ind1=" " ind2=" " tag="260"><subfield code="a">Clay Center, Kan. :</subfield><subfield code="b">[Clay Center Pub. Co.],</subfield><subfield code="c">1914-1930.</subfield></datafield><datafield ind1=" " ind2=" " tag="300"><subfield code="a">61 v. :</subfield><subfield code="b">ill. ;</subfield><subfield code="c">55-59 cm.</subfield></datafield><datafield ind1=" " ind2=" " tag="310"><subfield code="a">Daily (except Sun.)</subfield></datafield><datafield ind1="0" ind2=" " tag="362"><subfield code="a">Vol. 21, no. 224 (June 6, 1914)-v. 37, no. 138 (May 23, 1930).</subfield></datafield><datafield ind1=" " ind2=" " tag="500"><subfield code="a">Editor: F.W. Parrott.</subfield></datafield><datafield ind1="1" ind2=" " tag="700"><subfield code="a">Parrott, F. W.</subfield><subfield code="q">(Frederick William)</subfield></datafield><datafield ind1=" " ind2=" " tag="752"><subfield code="a">United States</subfield><subfield code="b">Kansas</subfield><subfield code="c">Clay</subfield><subfield code="d">Clay Center.</subfield></datafield><datafield ind1="0" ind2="4" tag="780"><subfield code="t">Clay Center dispatch (Clay Center, Kan. : 1903)</subfield><subfield code="w">(DLC)sn 83040908</subfield></datafield><datafield ind1="0" ind2="4" tag="780"><subfield code="t">Daily republican (Clay Center, Kan.)</subfield><subfield code="w">(DLC)sn 83040907</subfield></datafield><datafield ind1="0" ind2="0" tag="785"><subfield code="t">Clay Center dispatch (Clay Center, Kan. : 1930)</subfield><subfield code="w">(DLC)sn 83040910</subfield></datafield><datafield ind1="1" ind2=" " tag="029"><subfield code="a">AU@</subfield><subfield code="b">000025805708</subfield></datafield></record>